<?xml version="1.0" encoding="UTF-8"?><collection xmlns="http://www.loc.gov/MARC21/slim"><record><leader>00459nam--2200181-i-4500</leader><controlfield tag="001">000020791</controlfield><controlfield tag="002">20161230</controlfield><controlfield tag="005">20161230201033</controlfield><controlfield tag="008">060222s1000------------r-----000-0-eng-d</controlfield><datafield ind1=" " ind2=" " tag="020"><subfield code="a">085274773X</subfield></datafield><datafield ind1=" " ind2=" " tag="040"><subfield code="a">IFIN-HH</subfield></datafield><datafield ind1=" " ind2=" " tag="080"><subfield code="a">539.915</subfield></datafield><datafield ind1="1" ind2=" " tag="100"><subfield code="a">Prutton, M</subfield></datafield><datafield ind1="1" ind2="0" tag="245"><subfield code="a">Electronic properties of surfaces</subfield><subfield code="c">M. prutton (compiled by)</subfield></datafield><datafield ind1=" " ind2=" " tag="260"><subfield code="a">Bristol</subfield><subfield code="b">Adam Hilger</subfield><subfield code="c">1984</subfield></datafield><datafield ind1=" " ind2=" " tag="300"><subfield code="a">195 P</subfield></datafield><datafield ind1=" " ind2=" " tag="852"><subfield code="a">74708</subfield><subfield code="c">539.2</subfield></datafield><datafield ind1=" " ind2=" " tag="CAT"><subfield code="a">Sys</subfield><subfield code="c">20121112</subfield><subfield code="h">133755</subfield></datafield></record></collection>